<collection xmlns="http://www.loc.gov/MARC21/slim">
   <record>
      <leader>02332cam a2200469 i 4500</leader>
      <controlfield tag="001">6766124</controlfield>
      <controlfield tag="003">OCoLC</controlfield>
      <controlfield tag="005">20141209163551.0</controlfield>
      <controlfield tag="008">140123s2015    enk      b    001 0 eng c</controlfield>
      <datafield ind1=" " ind2=" " tag="015">
         <subfield code="a">GBB471637</subfield>
         <subfield code="2">bnb</subfield>
      </datafield>
      <datafield ind1="7" ind2=" " tag="016">
         <subfield code="a">016784075</subfield>
         <subfield code="2">Uk</subfield>
      </datafield>
      <datafield ind1=" " ind2=" " tag="020">
         <subfield code="a">9781138788008</subfield>
      </datafield>
      <datafield ind1=" " ind2=" " tag="020">
         <subfield code="a">1138788007</subfield>
      </datafield>
      <datafield ind1=" " ind2=" " tag="035">
         <subfield code="a">ocn869264420</subfield>
      </datafield>
      <datafield ind1=" " ind2=" " tag="040">
         <subfield code="a">BTCTA</subfield>
         <subfield code="b">eng</subfield>
         <subfield code="e">rda</subfield>
         <subfield code="c">BTCTA</subfield>
         <subfield code="d">YDXCP</subfield>
         <subfield code="d">UKMGB</subfield>
         <subfield code="d">OCLCO</subfield>
         <subfield code="d">BDX</subfield>
         <subfield code="d">DGU</subfield>
         <subfield code="d">PUL</subfield>
         <subfield code="d">UAB</subfield>
      </datafield>
      <datafield ind1=" " ind2=" " tag="042">
         <subfield code="a">pcc</subfield>
      </datafield>
      <datafield ind1=" " ind2="4" tag="050">
         <subfield code="a">RA441</subfield>
         <subfield code="b">.F73 2015</subfield>
      </datafield>
      <datafield ind1="0" ind2="4" tag="082">
         <subfield code="a">362.1</subfield>
         <subfield code="2">23</subfield>
      </datafield>
      <datafield ind1=" " ind2=" " tag="090">
         <subfield code="a">RA 441 F73 2015</subfield>
         <subfield code="b">AEU</subfield>
      </datafield>
      <datafield ind1=" " ind2=" " tag="090">
         <subfield code="a">RA441 .F73 2015</subfield>
         <subfield code="b">AEGMCT</subfield>
      </datafield>
      <datafield ind1="0" ind2="0" tag="245">
         <subfield code="a">Framing global health governance /</subfield>
         <subfield code="c">edited by Colin McInnes and Kelley Lee.</subfield>
      </datafield>
      <datafield ind1=" " ind2="1" tag="264">
         <subfield code="a">London ;</subfield>
         <subfield code="a">New York :</subfield>
         <subfield code="b">Routledge, Taylor &amp; Francis Group,</subfield>
         <subfield code="c">2015.</subfield>
      </datafield>
      <datafield ind1=" " ind2=" " tag="300">
         <subfield code="a">ix, 121 pages ;</subfield>
         <subfield code="c">26 cm</subfield>
      </datafield>
      <datafield ind1=" " ind2=" " tag="336">
         <subfield code="a">text</subfield>
         <subfield code="b">txt</subfield>
         <subfield code="2">rdacontent</subfield>
         <subfield code="0">http://id.loc.gov/vocabulary/contentTypes/txt</subfield>
      </datafield>
      <datafield ind1=" " ind2=" " tag="337">
         <subfield code="a">unmediated</subfield>
         <subfield code="b">n</subfield>
         <subfield code="2">rdamedia</subfield>
         <subfield code="0">http://id.loc.gov/vocabulary/mediaTypes/n</subfield>
      </datafield>
      <datafield ind1=" " ind2=" " tag="338">
         <subfield code="a">volume</subfield>
         <subfield code="b">nc</subfield>
         <subfield code="2">rdacarrier</subfield>
         <subfield code="0">http://id.loc.gov/vocabulary/carriers/nc</subfield>
      </datafield>
      <datafield ind1=" " ind2=" " tag="500">
         <subfield code="a">The chapters in this book were originally published in Global Public Health, volume 7, Supplement 2 (December 2012) -- Page vii.</subfield>
      </datafield>
      <datafield ind1=" " ind2=" " tag="504">
         <subfield code="a">Includes bibliographical references and index.</subfield>
      </datafield>
      <datafield ind1=" " ind2=" " tag="596">
         <subfield code="a">29 42</subfield>
      </datafield>
      <datafield ind1=" " ind2="0" tag="650">
         <subfield code="a">Globalization</subfield>
         <subfield code="x">Health aspects.</subfield>
         <subfield code="0">http://id.loc.gov/authorities/subjects/sh2008118203</subfield>
      </datafield>
      <datafield ind1=" " ind2="0" tag="650">
         <subfield code="a">World health</subfield>
         <subfield code="x">Political aspects.</subfield>
      </datafield>
      <datafield ind1=" " ind2="0" tag="650">
         <subfield code="a">Public health</subfield>
         <subfield code="x">International cooperation.</subfield>
         <subfield code="0">http://id.loc.gov/authorities/subjects/sh85108642</subfield>
      </datafield>
      <datafield ind1="1" ind2=" " tag="700">
         <subfield code="a">McInnes, Colin,</subfield>
         <subfield code="e">editor.</subfield>
         <subfield code="0">http://id.loc.gov/authorities/names/n85375413</subfield>
         <subfield code="0">http://viaf.org/viaf/12429771</subfield>
      </datafield>
      <datafield ind1="1" ind2=" " tag="700">
         <subfield code="a">Lee, Kelley,</subfield>
         <subfield code="d">1962-</subfield>
         <subfield code="e">editor.</subfield>
         <subfield code="0">http://id.loc.gov/authorities/names/n97063911</subfield>
         <subfield code="0">http://viaf.org/viaf/76459734</subfield>
      </datafield>
      <datafield ind1="0" ind2=" " tag="730">
         <subfield code="a">Global public health.</subfield>
         <subfield code="g">Vol. 7, supplement 2 (December 2012).</subfield>
         <subfield code="x">1744-1692</subfield>
      </datafield>
      <datafield ind1=" " ind2=" " tag="758">
         <subfield code="0">http://worldcat.org/entity/work/id/23910359</subfield>
      </datafield>
      <datafield ind1="0" ind2=" " tag="787">
         <subfield code="n">OCLC Work Id</subfield>
         <subfield code="o">http://worldcat.org/entity/work/id/23910359</subfield>
      </datafield>
      <datafield ind1=" " ind2=" " tag="949">
         <subfield code="a">RA 441 F73 2015</subfield>
         <subfield code="c">1</subfield>
         <subfield code="h">UAHL-B</subfield>
         <subfield code="i">0162035209129</subfield>
      </datafield>
      <datafield ind1=" " ind2=" " tag="947">
         <subfield code="b">PNU</subfield>
         <subfield code="f">QGM</subfield>
         <subfield code="h">GMCT-OS-B</subfield>
         <subfield code="p">197.16</subfield>
         <subfield code="q">1</subfield>
         <subfield code="z">9781138788008</subfield>
      </datafield>
      <datafield ind1=" " ind2=" " tag="999">
         <subfield code="h">GMCT-OS-B</subfield>
      </datafield>
      <datafield ind1=" " ind2=" " tag="926">
         <subfield code="a">RA 441 F73 2015</subfield>
         <subfield code="w">LC</subfield>
         <subfield code="c">1</subfield>
         <subfield code="i">0162035209129</subfield>
         <subfield code="d">7/24/2015</subfield>
         <subfield code="e">7/20/2015</subfield>
         <subfield code="l">ON_SHELF</subfield>
         <subfield code="m">UAHLTHSC</subfield>
         <subfield code="n">5</subfield>
         <subfield code="p">$150.00</subfield>
         <subfield code="r">Y</subfield>
         <subfield code="s">Y</subfield>
         <subfield code="t">BOOK</subfield>
         <subfield code="u">1/6/2015</subfield>
      </datafield>
      <datafield ind1=" " ind2=" " tag="926">
         <subfield code="a">RA441 .F73 2015</subfield>
         <subfield code="w">LC</subfield>
         <subfield code="c">1</subfield>
         <subfield code="i">1007412164</subfield>
         <subfield code="d">5/5/2015</subfield>
         <subfield code="l">ON_SHELF</subfield>
         <subfield code="m">GR_MACEWAN</subfield>
         <subfield code="p">$196.56</subfield>
         <subfield code="r">Y</subfield>
         <subfield code="s">Y</subfield>
         <subfield code="t">BOOK</subfield>
         <subfield code="u">4/22/2015</subfield>
      </datafield>
   </record>
</collection>
